<?xml version="1.0" encoding="UTF-8"?><collection xmlns="http://www.loc.gov/MARC21/slim"><record><leader>00590nam--2200181-i-4500</leader><controlfield tag="001">000012904</controlfield><controlfield tag="002">20161230</controlfield><controlfield tag="005">20161230201030</controlfield><controlfield tag="008">060222s1000------------r-----000-0-fre-d</controlfield><datafield ind1=" " ind2=" " tag="040"><subfield code="a">IFIN-HH</subfield></datafield><datafield ind1=" " ind2=" " tag="041"><subfield code="a">fre</subfield></datafield><datafield ind1=" " ind2=" " tag="080"><subfield code="a">523.31.852:523.4.852(043)</subfield></datafield><datafield ind1="1" ind2=" " tag="100"><subfield code="a">Berger-jaeck, Christiane</subfield></datafield><datafield ind1="1" ind2="0" tag="245"><subfield code="a">Analyse et modelisation statistique de differents parametres de l'atmosphere neutre asymetries hemispheriques</subfield><subfield code="b">These</subfield><subfield code="c">Christiane berger-jaeck</subfield></datafield><datafield ind1=" " ind2=" " tag="260"><subfield code="a">Paris</subfield><subfield code="b">Universite Pierre Et Marie Curie</subfield><subfield code="c">1976</subfield></datafield><datafield ind1=" " ind2=" " tag="300"><subfield code="a">128P.+ 32FIG</subfield></datafield><datafield ind1=" " ind2=" " tag="852"><subfield code="a">46839</subfield><subfield code="c">523</subfield></datafield><datafield ind1=" " ind2=" " tag="CAT"><subfield code="a">Sys</subfield><subfield code="c">20141203</subfield><subfield code="h">122751</subfield></datafield></record></collection>